@string{AAMAS="AAMAS"}
@string{ACNS="ACNS"}
@string{ADCOG="ADCOG"}
@string{ASPLOS="ASPLOS"}
@string{CONEXT="CoNEXT"}
@string{CRYPTO="CRYPTO"}
@string{CCR = "{ACM CCR}"}
@string{EC="EC"}
@string{FAST="FAST"}
@string{FDNA="FDNA"}
@string{GLOBECOM="GLOBECOM"}
@string{HOTMOBILE="HotMobile"}
@string{HOTNETS="HotNets"}
@string{ICC="ICC"}
@string{ICEC="ICEC"}
@string{ICPADS="ICPADS"}
@string{ICN="ICN"}
@string{ICNP="ICNP"}
@string{ICPP="ICPP"}
@string{ICWN="ICWN"}
@string{INFOCOM="INFOCOM"}
@string{IPTPS="IPTPS"}
@string{MIDDLEWARE="MIDDLEWARE"}
@string{MOBICOM="MobiCom"}
@string{MOBIHOC="MobiHoc"}
@string{MOBISYS="MobiSys"}
@string{NETECON="NetEcon"}
@string{NETECON-IBC="NetEcon+IBC"}
@string{NOSSDAV="NOSSDAV"}
@string{NSDI="NSDI"}
@string{OAKLAND="Proc. IEEE Symposium on Security and Privacy"}
@string{OSDI="OSDI"}
@string{P2PECON="P2PEcon"}
@string{PINS="PINS"}
@string{PODC="PODC"}
@string{PROC-IEEE="Proc. of the IEEE"}
@string{RFC = "{IETF RFC-}"}
@string{SASO="SASO"}
@string{SIGCOMM="SIGCOMM"}
@string{SIGMETRICS="SIGMETRICS"}
@string{SODA="SODA"}
@string{SOSP="SOSP"}
@string{SRUTI="SRUTI"}
@string{STC="STC"}
@string{STOC="STOC"}
@string{TOCS="ACM Transactions on Computer Systems"}
@string{UBICOMP="Ubicomp"}
@string{USENIX="USENIX ATC"}
@string{USENIX-SECURITY="USENIX Security"}
@string{WONS="WONS"}
@string{WOSN="WOSN"}
@string{WOWMOM="WoWMoM"}
@string{WWW="WWW"}
@string{TOCE="TOCE"}
@string{CCR="CCR"}
@string{SIGMOD="SIGMOD"}
@string{TPAMI = "IEEE Pattern Analysis and Machine Intelligence"}
@string{TOB = "IEEE Transactions on Broadcasting"}
@string{TON="ACM ToN"}
@string{HICSS="HICSS"}
@string{CCC="CCC"}
@string{IMC="IMC"}
@string{IMW="IMW"}
@string{IMC_SHORT="IMC (Short paper)"}
@string{PAM="PAM"}
@string{CCIS="CCIS"}
@string{proct=""}
