@string{USA = ""}

@misc{emergency-voip-ofcom,
	author = {Ofcom},
	title =  {{Regulation of VoIP Services: Access to the Emergency Services}},
	howpublished = {\url{https://www.ofcom.org.uk/consultations-and-statements/category-2/voip/summary}},
}

@misc{emergency-voip-voipfone,
	author = {Voipfone},
	title =  {{VoIP 999 Emergency Services}},
	howpublished = {\url{http://www.voipfone.co.uk/999_Emergency_Services.php}},
}

@misc{emergency-voip-fcc,
	author = {Federal Communications Commission},
	title =  {{VoIP and 911 Service}},
	howpublished = {\url{https://www.fcc.gov/consumers/guides/voip-and-911-service}},
}

@misc{alpha-transponder,
	author = {{Alpha Technologies}},
	title = {Installation and Technical Manual {DOCSIS} {HMS} Embedded Transponder},
	year = 2004,
}

@misc{cisco-transponder,
	author = {{Cisco}},
	title = {{GS7000} {DOCSIS} Status Monitor Transponder Installation and Operation Guide},
	note = {\url{https://www.cisco.com/c/dam/en/us/td/docs/video/access_edge/Nodes/GS7000/4037424_A.pdf}},
	year = 2011,
}

@misc{state-dots-snow-spending,
	author = {Chris Hill},
	title = {23 state {DOTs} spent more than \$1 billion on snow, ice maintenance this winter},
	howpublished = {\url{https://www.equipmentworld.com/23-state-dots-spent-more-than-1-billion-on-snow-ice-maintenance-this-winter/}},
	month = may,
	year = 2015,
}

@inproceedings{conext10-jin,
	author = {Yu Jin and Nick Duffield and Alexandre Gerber and Patrick Haffner and Subhabrata Sen and Zhi-Li Zhang},
	title = {{NEVERMIND}, the Problem Is Already Fixed: {Proactively} Detecting and Troubleshooting Customer {DSL} Problems},
	booktitle = CONEXT,
	year = {2010},	
}


@book{biostats-book,
	author = {Gerald van Belle and Patrick J. Heagerty and Lloyd D. Fischer and Thomas S. Lumley},
	title = {Biostatistics: {A} Methodology for the Health Sciences (Second Edition)},
	publisher = {John Wiley \& Sons},
	year = {2004},
}

@inproceedings{imc07-sommers,
	author = {Joel Sommers and Paul Barford},
	title = {An Active Measurement System for Shared Environments},
	booktitle = IMC,
	year = {2007},	
}

@misc{RFC0826,
	author =       "D. C. Plummer",
	title =        "{RFC 826}: {Ethernet Address Resolution Protocol}: Or
	converting network protocol addresses to 48.bit
	{Ethernet} address for transmission on {Ethernet}
	hardware",
	day =          "1",
	month =        nov,
	year =         "1982",
}

@inproceedings{sigcomm13-quan,
	author = {Lin Quan and John Heidemann and Yuri Pradkin},
	title = {Trinocular: {U}nderstanding {I}nternet Reliability Through Adaptive Probing},
	booktitle = SIGCOMM,
	year = {2013}
}

@article{ton97-paxson,
	author = {Vern Paxson},
	title = {End-to-End Routing Behavior in the {I}nternet},
	journal=TON,
	month = oct,
	year = {1997},
}


@inproceedings{usits03-spring,
	author = {Neil Spring and David Wetherall and Tom Anderson},
	title = {Scriptroute: A Public {Internet} Measurement Facility},
	booktitle = {USENIX Symposium on Internet Technologies and Systems (USITS)},
	year = {2003},
}

@misc{maxmind-geoip,
	author = {{MaxMind, Inc.}},
	title = {{GeoIP} City Database},
	howpublished = {\url{http://www.maxmind.com/app/city}},
	month = jan,
	year = 2011,
}

@misc{ripe-atlas,
	author = {{RIPE NCC}},
	title = {{RIPE Atlas}},
	howpublished = {\url{http://atlas.ripe.net}},
}

@misc{samknows,
	author = {Sam{K}nows},
	howpublished = {\url{http://www.samknows.com}},
}


@misc{comcast-cnr,
	author = {{Cisco Systems}}, 
	title = {Comcast Successfully Deploys {C}isco {N}etwork {R}egistrar for {DHCP} and {DNS} Services for {IP}v4 and {IP}v6},
	howpublished = {\url{http://blogs.cisco.com/sp/comcast-successfully-deploys-cisco-network-registrar-for-dhcp-and-dns-services-for-ipv4-and-ipv6/}},
}

@misc{dslreports-isplist,
	author = {dslreports.com},
	title = {{ISP Rolodex}},
	howpublished = {\url{http://www.dslreports.com/isplist/0}},
	month = feb,
	year = 2011,
}

@misc{wisp-directory,
	author = {{WISP Directory}},
	howpublished = {\url{http://www.wispdirectory.com}},
	month = nov,
	year = 2010,
}

@misc{wispa-directory,
	author = {{Wireless Internet Service Providers Association (WISPA)}},
	title = {Member Directory},
	howpublished = {\url{http://www.wispa.org/?page_id=170}},
	month = jan,
	year = 2011,
}

@inproceedings{imc08-heidemann,
	author = {John Heidemann and Yuri Pradkin and Ramesh
		Govindan and Christos Papadopoulos and 
		Genevieve Bartlett and Joseph Bannister},
	title = {Census and Survey of the Visible {Internet}},
	booktitle = IMC,
	year = {2008},
}

@InProceedings{v4-census-imc16,
  Title                    = {{Beyond Counting: New Perspectives on the Active IPv4 Address Space}},
  Author                   = {P.~Richter and G.~Smaragdakis and D.~Plonka and A.~Berger},
  Booktitle                = IMC,
  Year                     = {2016}
}

@inproceedings{mmcn02-saroiu,
	author = {Stefan Saroiu and P. Krishna Gummadi and Steven D. Gribble},
	title = {A Measurement Study of Peer-to-Peer File Sharing Systems},
	booktitle = {Proceedings of the Multimedia Computing and Networking (MMCN)},
	year = {2002},
}

@article{arxiv-argon,
	author = {Oded Argon and Anat Bremler-Barr and Osnat Mokryn and Dvir Schirman and Yuval Shavitt and Udi Weinsberg},
	title = {On the Dynamics of {IP} Address Allocation and Availability of End-Hosts},
	journal   = {CoRR},
	year      = {2010},
}

@inproceedings{imw01-zhang,
	author = {Yin Zhang and Nick Duffield and Vern Paxson and Scott Shenker},
	title = {On the Constancy of {I}nternet Path Properties},
	booktitle = IMW,
	year = {2001},
}

@inproceedings{imc07-dischinger,
	author = {Marcel Dischinger and Andreas Haeberlen and Krishna P. Gummadi and Stefan Saroiu},
	title = {Characterizing Residential Broadband Networks},
	booktitle = IMC,
	year = {2007},
}
	
@inproceedings{sigcomm07-xie,
	author = {Yinglian Xie and Fang Yu and Kannan Achan and Eliot Gillum and Moises Goldszmidt and Ted Wobber},
	title = {How Dynamic are {IP} Addresses?},
	booktitle = SIGCOMM, 
	year = {2007},
}

@misc{asos,
	author = {{National Oceanic and Atmospheric Administration}},
	title = {{Automated Surface Observing System (ASOS)}},
	howpublished = {\url{http://www.weather.gov/asos/pdfs/aum-toc.pdf}},
	month = mar,
	year = 1998,
}

@misc{nws-alerts,
	author = {{National Weather Service}},
	title = {{NWS} public alerts in {XML/CAP} v1.1 and {ATOM} formats},
	howpublished = {\url{http://alerts.weather.gov/}},
}

@misc{wunderground,
	author = {{Weather Underground}},
	title = {Weather History and Data Archive},
	howpublished = {\url{http://www.wunderground.com/history/}},
}

@inproceedings{wang-nsdi11,
	author = {Yong Wang and Daniel Burgener and Marcel Flores and Aleksandar Kuzmanovic and Cheng Huang},
	title = {Towards Street-Level Client-Independent {IP} Geolocation},
	booktitle = NSDI,
	year = {2011},
}

@inproceedings{wong-nsdi07,
	author = {Bernard Wong and Ivan Stoyanov and Emin G¨un Sirer},
	title = {Octant: A Comprehensive Framework for the Geolocalization of {Internet} Hosts},
	booktitle = NSDI,
	year = {2007},
}

@inproceedings{poese-ccr11,
	author = {Ingmar Poese and Steve Uhlig and  Mohamed Ali Kaafa and Benoit Donnet and Bamba Gueye},
	title = {{IP} Geolocation Databases: Unreliable?},
	booktitle =CCR,
	year = {2011},
}

@inproceedings{chan-pam11,
	author = {Edmond W. W. Chan and Xiapu Luo and Waiting W. T. Fok and Weichao Li and and Rocky K. C. Chang},
	title = {Non-cooperative Diagnosis of Submarine Cable Faults},
	booktitle = PAM,
	year = {2011},
}

@book{sep11,
	author = {{Committee on the Internet Under Crisis Conditions: Learning from the Impact of September 11}},
	title = {The Internet Under Crisis Conditions Learning from September 11},
	publisher = {National Academies Press},
	year = {2003},
}

@inproceedings{minei-jsac99,
	author = {Ina Minei and Reuven Cohen},
	title = {High-Speed Internet Access Through Unidirectional Geostationary Satellite Channels},
	booktitle = {IEEE Journal on Selected Areas in Communications},
	year = {1999},
}	

@comment{hamradio,
	author = {},
	title = {The {AARL} Ham Radio License Manual, Level 1 Technician}
	booktitle = 
}

@misc{RFC2131,
	author = {R. Droms},
	title = {{RFC 2131}:  Dynamic Host Configuration Protocol},
	month = mar,
	year =  "1997",
}

@inproceedings{lemon-freenix98,
	author = {Ted Lemon},
	title = {{ISC}'s {DHCP} Distribution},
	booktitle = USENIX # " Freenix Track",
	year = 1998,
}

@inproceedings{sundaresan-sigcomm11,
	author = {Srikanth Sundaresan and Walter de Donato and Nick Feamster and Renata Teixeira and Sam Crawford and Antonio Pescap\`{e}},
	title = {Broadband {I}nternet Performance: {A} View From the Gateway},
	booktitle = SIGCOMM,
	year = {2011},
}

@techreport{opera-atlas,
	author = {Razvan C. Opera and Emile Aben},
	title = {Trafﬁc anomaly detection using a distributed measurement network},
	institution = {University of Amsterdam},
	year = {2012},
}	

@techreport{heidemann-sandy,
	author = {John Heidemann and Lin Quan and Yuri Pradkin},
	title = {A Preliminary Analysis of Network Outages During Hurricane {S}andy},
	institution = {USC/ISI},
	year = {2012},
}

@inproceedings{bilski-ccis09,
	author = {Tomasz Bilski},
	title = {Disaster’s Impact on {I}nternet Performance – Case Study},
	booktitle = CCIS,
	year = {2009},
}

@inproceedings{iannaccone-imw02,
	author = {Gianluca Iannaccone and Chen-nee Chuah and Richard Mortier and Supratik Bhattacharyya and Christophe Diot},
	title = {Analysis of link failures in an {IP} backbone},
	booktitle = IMW,
	year = {2002},
}

@inproceedings{schulman-imc11,
	author = {Aaron Schulman and Neil Spring},
	title = {Pingin' in the Rain},
	booktitle = IMC,
	year = {2011},
}

@inproceedings{canny-edge,
	author = {John Canny},
	title = {A Computational Approach to Edge Detection},
	booktitle = TPAMI,
	year = {1986},
}

@inproceedings{dainotti-imc11,
	author = {Alberto Dainotti and Claudio Squarcella and Emile Aben and Kimberly C. Claffy and Marco Chiesa and Michele Russo and Antonio Pescap\`{e}},
	title = {Analysis of Country-wide {I}nternet Outages Caused by Censorship},
	booktitle = IMC,
	year = {2011},
}

@inproceedings{imc03-lakshminar,
	author = {Karthik Lakshminarayanan and Venkata N. Padmanabhan},
	title = {Some Findings on the Network Performance of Broadband Hosts},
	booktitle = IMC,
	year = {2003},
}

@article{toct66-smith,
	author = {W. T. Smith and W. L. Roberts},
	title = {Design and Characteristics of Coaxial Cables for {C}ommunity {A}ntenna {T}elevision},
	journal = {IEEE Transactions on Communication Technology},
	year = 1966,
}

@inproceedings{aiee09-jewett,
	author = {Frank B. Jewett},
	title = {The Modern Telephone Cable},
	booktitle = {Proceedings of 26th annual convention of the American Institute of Electrical Engineers},
	year = 1909,
}

@article{ieee75-hogg,
	author = {Hogg, D.C. and Ta-Shing Chu},
	title = {The Role of Rain in Satellite Communications},
	journal = PROC-IEEE,
	year = 1975,	
}

@article{ieeecm01-bolcskei,
	author = {Helmut B\"{o}lcskei and Arogyaswami J. Paulraj and K. V. S. Hari and Rohit U. Nabar and Willie W. Lu},
	title = {Fixed broadband wireless access: {S}tate of the art, challenges, and future directions},
	journal = {IEEE Communications Magazine},
	year = 2001,
}

@inproceedings{grover2013peeking,
  title={{Peeking behind the NAT: an empirical study of home networks}},
  author={Grover, Sarthak and Park, Mi Seon and Sundaresan, Srikanth and Burnett, Sam and Kim, Hyojoon and Ravi, Bharath and Feamster, Nick},
  booktitle=IMC,
  year={2013},
}

@InProceedings{consensus-routing,
 author = {John, John P. and Katz-Bassett, Ethan and Krishnamurthy, Arvind and Anderson, Thomas and Venkataramani, Arun},
 title = {{Consensus Routing: The Internet As a Distributed System}},
 	booktitle = NSDI,
	year = 2008
}

@inproceedings{hubble,
	author = {Ethan Katz-Basset and Harsha V. Madhyastha and John P. John and Arvind Krishnamurthy and David Wetherall and Thomas Anderson},
	title = {Studying Black Holes in the Internet with {Hubble}},
	booktitle = NSDI,
	year = {2008},
}

@inproceedings{fact-flowbased-connectivity,
	author = {Dominik Schatzmann and
               Simon Leinen and
               Jochen K{\"{o}}gel and
               Wolfgang M{\"{u}}hlbauer},
	title = {{FACT:} Flow-Based Approach for Connectivity Tracking},
	booktitle = PAM,
	year = {2011},

@inproceedings{disco,
  Author                   = {Shah, Anant and Fontugne, Romain and Aben, Emile and Pelsser, Cristel and Bush, Randy},
  Title                    = {{Disco: Fast, good, and cheap outage detection}},
  Booktitle                = {TMA},
  Year                     = {2017}
}

@InProceedings{routing-e2e-path-perf,
 author = {Wang, Feng and Mao, Zhuoqing Morley and Wang, Jia and Gao, Lixin and Bush, Randy},
 title = {{A Measurement Study on the Impact of Routing Events on End-to-end Internet Path Performance}},
   booktitle = SIGCOMM,
 year = 2006,
}

@article{voip-bgp-convergence,
 author = {Kushman, Nate and Kandula, Srikanth and Katabi, Dina},
 title = {{Can You Hear Me Now?!: It Must Be BGP}},
 journal = CCR,
 issue_date = {April 2007},
 volume = {37},
 number = {2},
 month = mar,
 year = {2007},
 pages = {75--84},
} 
 
@inproceedings{durumeric2013zmap,
  title={{ZMap: Fast Internet-wide Scanning and Its Security Applications}},
  author={Durumeric, Zakir and Wustrow, Eric and Halderman, J Alex},
  booktitle={USENIX Security},
  pages={605--620},
  year={2013},
}

@misc{atlas-connlogs-link-format,
	author = {{RIPE NCC}},
	title = {{RIPE} Atlas connection logs url format},
	howpublished = {\url{https://atlas.ripe.net/probes/<prb_id>/connection-history/<yyyy>/<mm>/}},
}

@inproceedings{comarela2013studying,
	  title={Studying interdomain routing over long timescales},
	   author={Comarela, G. and G{\"u}rsun, G. and Crovella, M.},
Booktitle = IMC,
Year={2013},
}

@INPROCEEDINGS{Beverly_et_al_2015,
       Author = {Beverly, R. and Luckie, M. and Mosley, L. and claffy, k.}, 
       Title = {{Measuring and Characterizing IPv6 Router Availability}},
       BookTitle = {Passive and Active Network Measurement Workshop (PAM) },
       Pages = {123-135},
       Month = {Mar},
       Year = {2015},
       Keywords = {ipv6   active data analysis   routing   topology   internet outages   security}
}

@techreport{bmore-tunnel-fire,
  author = {Xiaoliang Zhao and Daniel Massey and Mohit Lad and Lixia Zhang},
  title = {ON/OFF Model: A New Tool to Understand BGP Update Burst},
  institution = {University of California, Los Angeles},
  year = {2004},
}

@article{diurnal-weather,
  author = {J. M.  Wallace},
  title = {Diurnal Variations in Precipitation and Thunderstorm Frequency over the Conterminous {U}nited {S}tates},
  journal = {Monthly Weather Review},
  year = {1975},
}

@misc{cfr49,
  author = "{U.S. Government}",
  title = {{CFR} Part 4 Section 4.9: {O}utage Reporting requirements threshold criteria.},
}

